@INPROCEEDINGS{8697345,
author={Pawar, Ashwini and Umale, V. M.},
booktitle={2018 Fourth International Conference on Computing Communication Control and Automation (ICCUBEA)},
title={Internet of Things Based Home Security Using Raspberry Pi},
year={2018},
volume={},
number={},
pages={1-6},
doi={10.1109/ICCUBEA.2018.8697345}
}

@INPROCEEDINGS{9767905,
author={A, Paramasivam and S, Bargavi and R, Priyadharshini and M, Subhiksha and S, Vijayalakshmi and Banu, N. M. Masoodhu},
booktitle={2022 International Conference on Communication, Computing and Internet of Things (IC3IoT)},
title={Internet of Things based Fall Prediction and Alerting Device},
year={2022},
volume={},
number={},
pages={01-05},
doi={10.1109/IC3IOT53935.2022.9767905}
}

@INPROCEEDINGS{8597424,
author={Sogi, Navya R and Chatterjee, Priya and Nethra, U and Suma, V},
booktitle={2018 International Conference on Inventive Research in Computing Applications (ICIRCA)},
title={SMARISA: A Raspberry Pi Based Smart Ring for Women Safety Using IoT},
year={2018},
volume={},
number={},
pages={451-454},
doi={10.1109/ICIRCA.2018.8597424}
}

@INPROCEEDINGS{8356449,
author={Ma, Yichen and Wang, Fuyao and Wang, Zhuozheng},
booktitle={2017 12th International Conference for Internet Technology and Secured Transactions (ICITST)},
title={Intelligent laboratory management system based on Internet of Things},
year={2017},
volume={},
number={},
pages={464-467},
doi={10.23919/ICITST.2017.8356449}
}

@misc{rasppi.os.2022,
author = {},
title = {Raspberry Pi OS - Paspberry Pi},
howpublished = {Raspberry Pi},
month = {},
year = {},
url = {https://www.raspberrypi.com/software/},
note = {Accessed 2022/10/30}
}
